<?xml version="1.0" encoding="UTF-8"?><collection xmlns="http://www.loc.gov/MARC21/slim"><record><leader>00386nam--2200133-i-4500</leader><controlfield tag="001">000039151</controlfield><controlfield tag="002">20161230</controlfield><controlfield tag="005">20161230201042</controlfield><controlfield tag="008">060222s1000------------r-----000-0-eng-d</controlfield><datafield ind1=" " ind2=" " tag="080"><subfield code="a">621.039.743</subfield></datafield><datafield ind1=" " ind2=" " tag="100"><subfield code="a">Ringwood,A.E</subfield></datafield><datafield ind1=" " ind2=" " tag="245"><subfield code="a">Safe disposal of high level nuclear reactor wastes: a new strategy</subfield></datafield><datafield ind1=" " ind2=" " tag="260"><subfield code="a">Camberra, Australian National Univ.Press, 1978. Vii + 63 P</subfield></datafield><datafield ind1=" " ind2=" " tag="852"><subfield code="a">49262</subfield></datafield></record></collection>